<record><leader>00000cas a2200000 a 4500</leader><controlfield tag="001">13196952</controlfield><controlfield tag="008">860225d18911898txudn ne      0   a0eng  </controlfield><datafield ind1=" " ind2=" " tag="010"><subfield code="a">sn 86071158 </subfield></datafield><datafield ind1=" " ind2=" " tag="040"><subfield code="a">DLC</subfield><subfield code="b">eng</subfield><subfield code="c">DLC</subfield><subfield code="d">NPT</subfield><subfield code="d">PPM</subfield><subfield code="d">MGN</subfield><subfield code="d">PPM</subfield><subfield code="d">NVF</subfield><subfield code="d">DLC</subfield><subfield code="d">OCLCQ</subfield><subfield code="d">DLC</subfield><subfield code="d">OCLCQ</subfield><subfield code="d">DLC</subfield><subfield code="d">OCLCF</subfield><subfield code="d">OCL</subfield></datafield><datafield ind1=" " ind2=" " tag="019"><subfield code="a">994347431</subfield></datafield><datafield ind1="1" ind2=" " tag="022"><subfield code="a">2151-5239</subfield><subfield code="l">2151-5239</subfield><subfield code="2">1</subfield></datafield><datafield ind1="1" ind2=" " tag="029"><subfield code="a">AU@</subfield><subfield code="b">000026225774</subfield></datafield><datafield ind1=" " ind2=" " tag="042"><subfield code="a">pcc</subfield><subfield code="a">nsdp</subfield></datafield><datafield ind1=" " ind2=" " tag="043"><subfield code="a">n-us-tx</subfield></datafield><datafield ind1="0" ind2="0" tag="050"><subfield code="a">Newspaper</subfield></datafield><datafield ind1="0" ind2=" " tag="130"><subfield code="a">Fort Worth gazette (Fort Worth, Tex. : Daily)</subfield></datafield><datafield ind1=" " ind2="0" tag="222"><subfield code="a">Fort Worth gazette</subfield><subfield code="b">(Fort Worth, Tex. Daily)</subfield></datafield><datafield ind1="1" ind2="0" tag="245"><subfield code="a">Fort Worth gazette.</subfield></datafield><datafield ind1="3" ind2=" " tag="246"><subfield code="a">Fort Worth daily gazette</subfield><subfield code="f">July 3, 1893-Mar. 22, 1894</subfield></datafield><datafield ind1="3" ind2=" " tag="246"><subfield code="a">Illustrated Sunday gazette</subfield><subfield code="f">Feb. 3, 1895</subfield></datafield><datafield ind1="3" ind2=" " tag="246"><subfield code="a">Sunday illustrated Fort Worth gazette</subfield><subfield code="f">Feb. 10-Aug. 4, 1895</subfield></datafield><datafield ind1=" " ind2=" " tag="260"><subfield code="a">Fort Worth, Tex. :</subfield><subfield code="b">Democrat Pub. Co.</subfield></datafield><datafield ind1=" " ind2=" " tag="300"><subfield code="a">v.</subfield></datafield><datafield ind1=" " ind2=" " tag="310"><subfield code="a">Daily (except Monday),</subfield><subfield code="b">June 3, 1895-&lt;&gt;</subfield></datafield><datafield ind1=" " ind2=" " tag="321"><subfield code="a">Daily,</subfield><subfield code="b">1891-June 2, 1895</subfield></datafield><datafield ind1="0" ind2=" " tag="362"><subfield code="a">Vol. 15, no. 150 (Mar. 14, 1891)-</subfield></datafield><datafield ind1="1" ind2=" " tag="362"><subfield code="a">Ceased in 1898.</subfield></datafield><datafield ind1=" " ind2=" " tag="500"><subfield code="a">Second section of Sunday ed. contains new banner with titles: Illustrated Sunday gazette, and: Sunday illustrated Fort Worth gazette (Feb. 3-Aug. 4, 1895).</subfield></datafield><datafield ind1=" " ind2=" " tag="530"><subfield code="a">Also issued on microfilm from Microfilm Center, Inc.</subfield></datafield><datafield ind1=" " ind2=" " tag="530"><subfield code="a">Archived issues are available in digital format as part of the Library of Congress Chronicling America online collection.</subfield></datafield><datafield ind1=" " ind2="0" tag="651"><subfield code="a">Fort Worth (Tex.)</subfield><subfield code="v">Newspapers.</subfield></datafield><datafield ind1=" " ind2="7" tag="651"><subfield code="a">Texas</subfield><subfield code="z">Fort Worth.</subfield><subfield code="2">fast</subfield><subfield code="0">(OCoLC)fst01204692</subfield></datafield><datafield ind1=" " ind2="7" tag="655"><subfield code="a">Newspapers.</subfield><subfield code="2">fast</subfield><subfield code="0">(OCoLC)fst01423814</subfield></datafield><datafield ind1=" " ind2=" " tag="752"><subfield code="a">United States</subfield><subfield code="b">Texas</subfield><subfield code="c">Tarrant</subfield><subfield code="d">Fort Worth.</subfield></datafield><datafield ind1="0" ind2=" " tag="775"><subfield code="t">Fort Worth gazette (Fort Worth, Tex. : Weekly)</subfield><subfield code="x">2166-7829</subfield><subfield code="w">(DLC)sn 86090803</subfield><subfield code="w">(OCoLC)15124980</subfield></datafield><datafield ind1="0" ind2=" " tag="775"><subfield code="t">Fort Worth semi-weekly gazette</subfield><subfield code="w">(DLC)sn 86088530</subfield><subfield code="w">(OCoLC)14108693</subfield></datafield><datafield ind1="0" ind2="0" tag="780"><subfield code="t">Fort Worth daily gazette</subfield><subfield code="x">1946-6080</subfield><subfield code="w">(DLC)sn 86064205</subfield><subfield code="w">(OCoLC)13695711</subfield></datafield><datafield ind1="4" ind2="1" tag="856"><subfield code="u">http://www.loc.gov/chroniclingamerica/lccn/sn86071158/issues</subfield></datafield></record>